@inproceedings{Guilherme23,
author = {Guilherme, Vitor and Vincenzi, Auri},
title = {An initial investigation of ChatGPT unit test generation capability},
year = {2023},
isbn = {9798400716294},
publisher = {Association for Computing Machinery},
address = {New York, NY, USA},
url = {https://doi.org/10.1145/3624032.3624035},
doi = {10.1145/3624032.3624035},
booktitle = {Proceedings of the 8th Brazilian Symposium on Systematic and Automated Software Testing},
pages = {15–24},
numpages = {10},
keywords = {testing tools, software testing, mutation testing, experimental software engineering, coverage testing, automated test generation},
location = {Campo Grande, MS, Brazil},
series = {SAST '23}
}

@inproceedings{Minimol21,
author = {Minimol Anil Job},
title = {Automating and Optimizing Software Testing using Artificial Intelligence Techniques},
year = {2021},
publisher = {(IJACSA) International Journal of Advanced Computer Science and Applications},
address = {West Yorkshire, England},
url = {https://www.proquest.com/openview/f1d30e9c0f4d20600396fc8f64dfa84d/1?pq-origsite=gscholar&cbl=5444811},
doi = {10.14569/ijacsa.2021.0120571},
booktitle = {International Journal of Advanced Computer Science and Applications},
numpages = {10},
keywords = {Artificial Intelligence (AI), Automated Testing Tools, Software Development Life Cycle, Software Testing},
}

@inproceedings{Boukhlif24,
author = {Boukhlif, Mohamed and Kharmoum, Nassim and Hanine, Mohamed},
title = {LLMs for Intelligent Software Testing: A Comparative Study},
year = {2024},
isbn = {9798400709296},
publisher = {Association for Computing Machinery},
address = {New York, NY, USA},
url = {https://doi.org/10.1145/3659677.3659749},
doi = {10.1145/3659677.3659749},
booktitle = {Proceedings of the 7th International Conference on Networking, Intelligent Systems and Security},
articleno = {42},
numpages = {8},
keywords = {Comparative Study, Large Language Models, Natural Language Processing, Software Testing, Test Case Generation},
location = {Meknes, AA, Morocco},
series = {NISS '24}
}

@inproceedings{Kishore21,
author = {Kishore Sugali and Chris Sprunger and Venkata N Inukollu},
title = {Software Testing: Issues and Challenges of Artificial Intelligence and Machine Learning},
year = {2021},
publisher = {AIRCC Publishing Corporation},
address = {Fort Wayne, USA},
url = {https://papers.ssrn.com/sol3/papers.cfm?abstract_id=3948930},
doi = {10.5121/ijaia.2021.12107},
booktitle = {International Journal of Artificial Intelligence and Applications (IJAIA)},
pages = {101-112},
numpages = {12},
keywords = {Artificial Intelligence (AI), Machine Learning (ML), Software Testing},
location = {Fort Wayne, USA},
series = {IJAIA '21}
}